@techreport{ATLAS-CONF-2014-018,
      title         = "{Tagging and suppression of pileup jets with the ATLAS
                       detector}",
      institution   = "CERN",
      address       = "Geneva",
      number        = "ATLAS-CONF-2014-018",
      month         = "May",
      year          = "2014",
      reportNumber  = "ATLAS-CONF-2014-018",
      url           = "http://cds.cern.ch/record/1700870",
}

@misc{ATLAS:EGAM-2017-003,
      title = {Electron reconstruction and identification efficiency measurements in 2016 Data},
      howpublished = {\url{https://atlas.web.cern.ch/Atlas/GROUPS/PHYSICS/PLOTS/EGAM-2017-003/index.html}}
}

@misc{ATLAS:EGAM-2016-005,
      title = {ATLAS Electron/Photon Identification and Calibration performance as a function of pile-up during the 2016 LHC data taking},
      howpublished = {\url{https://atlas.web.cern.ch/Atlas/GROUPS/PHYSICS/PLOTS/EGAM-2016-005/index.html}}
}

@article{Aaboud:2016vfy,
      author         = "Aaboud, Morad and others",
      title          = "{Electron efficiency measurements with the ATLAS detector
                        using 2012 LHC protonâ€“proton collision data}",
      collaboration  = "ATLAS",
      journal        = "Eur. Phys. J.",
      volume         = "C77",
      year           = "2017",
      number         = "3",
      pages          = "195",
      doi            = "10.1140/epjc/s10052-017-4756-2",
      eprint         = "1612.01456",
      archivePrefix  = "arXiv",
      primaryClass   = "hep-ex",
      reportNumber   = "CERN-EP-2016-262",
      SLACcitation   = "%%CITATION = ARXIV:1612.01456;%%"
}

@article{Aad:2016upy,
      author         = "Aad, Georges and others",
      title          = "{Topological cell clustering in the ATLAS calorimeters
                        and its performance in LHC Run 1}",
      collaboration  = "ATLAS",
      journal        = "Eur. Phys. J.",
      volume         = "C77",
      year           = "2017",
      pages          = "490",
      doi            = "10.1140/epjc/s10052-017-5004-5",
      eprint         = "1603.02934",
      archivePrefix  = "arXiv",
      primaryClass   = "hep-ex",
      reportNumber   = "CERN-PH-EP-2015-304",
      SLACcitation   = "%%CITATION = ARXIV:1603.02934;%%"
}

@article{Aaboud:2017dmy,
      author         = "Aaboud, Morad and others",
      title          = "{Search for supersymmetry in final states with two
                        same-sign or three leptons and jets using 36 fb$^{-1}$ of
                        $\sqrt{s}=13$ TeV $pp$ collision data with the ATLAS
                        detector}",
      collaboration  = "ATLAS",
      journal        = "JHEP",
      volume         = "09",
      year           = "2017",
      pages          = "084",
      doi            = "10.1007/JHEP09(2017)084",
      eprint         = "1706.03731",
      archivePrefix  = "arXiv",
      primaryClass   = "hep-ex",
      reportNumber   = "CERN-EP-2017-108",
      SLACcitation   = "%%CITATION = ARXIV:1706.03731;%%"
}

@article{Aad:2014pda,
      author         = "Aad, Georges and others",
      title          = "{Search for supersymmetry at $\sqrt{s}$=8 TeV in final
                        states with jets and two same-sign leptons or three
                        leptons with the ATLAS detector}",
      collaboration  = "ATLAS",
      journal        = "JHEP",
      volume         = "06",
      year           = "2014",
      pages          = "035",
      doi            = "10.1007/JHEP06(2014)035",
      eprint         = "1404.2500",
      archivePrefix  = "arXiv",
      primaryClass   = "hep-ex",
      reportNumber   = "CERN-PH-EP-2014-044",
      SLACcitation   = "%%CITATION = ARXIV:1404.2500;%%"
}

@techreport{ATLAS-CONF-2012-151,
      title         = "{Search for supersymmetry using events with three leptons,
                       multiple jets, and missing transverse momentum in 13.0
                       fb$^{-1}$ of pp collisions with the ATLAS detector at
                       $\sqrt{s}=8$ TeV}",
      institution   = "CERN",
      collaboration = "ATLAS Collaboration",
      address       = "Geneva",
      number        = "ATLAS-CONF-2012-151",
      month         = "Nov",
      year          = "2012",
      reportNumber  = "ATLAS-CONF-2012-151",
      url           = "http://cds.cern.ch/record/1493490",
}