%% This BibTeX bibliography file was created using BibDesk.
%% http://bibdesk.sourceforge.net/


%% Created for ytshen at 2017-12-17 12:29:41 AM +0100 


%% Saved with string encoding Unicode (UTF-8) 


@article{Martinez:2016udm,
      author         = "Martínez, A. Ruiz",
      title          = "{The Run-2 ATLAS Trigger System}",
      booktitle      = "{Proceedings, 17th International Workshop on Advanced
                        Computing and Analysis Techniques in Physics Research
                        (ACAT 2016): Valparaiso, Chile, January 18-22, 2016}",
      collaboration  = "ATLAS",
      journal        = "J. Phys. Conf. Ser.",
      volume         = "762",
      year           = "2016",
      number         = "1",
      pages          = "012003",
      doi            = "10.1088/1742-6596/762/1/012003",
      reportNumber   = "ATL-DAQ-PROC-2016-003",
      SLACcitation   = "%%CITATION = 00462,762,012003;%%"
}

@article{ATLAS:1999uwa,
      author         = "Airapetian, A. and others",
      title          = "{ATLAS: Detector and physics performance technical design
                        report. Volume 1}",
      collaboration  = "ATLAS",
      year           = "1999",
      reportNumber   = "CERN-LHCC-99-14, ATLAS-TDR-14",
      SLACcitation   = "%%CITATION = CERN-LHCC-99-14;%%"
}

@article{Kordas:2007zz,
      author         = "Kordas, K. and others",
      title          = "{The ATLAS Data Acquisition and Trigger: Concept, design
                        and status}",
      booktitle      = "{Proccedings, 10th Topical Seminar on Innovative Particle
                        and Radiation Detectors (IPRD06): Siena, Italy, 1-5
                        October 2006}",
      journal        = "Nucl. Phys. Proc. Suppl.",
      volume         = "172",
      year           = "2007",
      pages          = "178-182",
      doi            = "10.1016/j.nuclphysbps.2007.08.004",
      SLACcitation   = "%%CITATION = NUPHZ,172,178;%%"
}

@article{Strizenec:2014ida,
      author         = "Strizenec, P.",
      title          = "{Performance of the ATLAS Liquid Argon Calorimeter after
                        three years of LHC operation and plans for a future
                        upgrade}",
      booktitle      = "{Proceedings, International Conference on Instrumentation
                        for Colliding Beam Physics (INSTR14): Novosibirsk, Russia,
                        February 24-March 1, 2014}",
      collaboration  = "ATLAS",
      journal        = "JINST",
      volume         = "9",
      year           = "2014",
      pages          = "C09007",
      doi            = "10.1088/1748-0221/9/09/C09007",
      SLACcitation   = "%%CITATION = JINST,9,C09007;%%"
}

@article{Rossi:2003np,
      author         = "Rossi, L.",
      title          = "{The LHC superconducting magnets}",
      booktitle      = "{Particle accelerator. Proceedings, Conference, PAC 2003,
                        Portland, USA, May 12-16, 2003}",
      journal        = "Conf. Proc.",
      volume         = "C030512",
      year           = "2003",
      pages          = "141",
      reportNumber   = "PAC03-TOAB001, CERN-LHC-PROJECT-REPORT-660",
      SLACcitation   = "%%CITATION = CONFP,C030512,141;%%"
}

@article{Alves:2008zz,
      author         = "Alves, Jr., A. Augusto and others",
      title          = "{The LHCb Detector at the LHC}",
      collaboration  = "LHCb",
      journal        = "JINST",
      volume         = "3",
      year           = "2008",
      pages          = "S08005",
      doi            = "10.1088/1748-0221/3/08/S08005",
      SLACcitation   = "%%CITATION = JINST,3,S08005;%%"
}

@article{Anelli:2008zza,
      author         = "Anelli, G. and others",
      title          = "{The TOTEM experiment at the CERN Large Hadron Collider}",
      collaboration  = "TOTEM",
      journal        = "JINST",
      volume         = "3",
      year           = "2008",
      pages          = "S08007",
      doi            = "10.1088/1748-0221/3/08/S08007",
      SLACcitation   = "%%CITATION = JINST,3,S08007;%%"
}

@article{Adriani:2008zz,
      author         = "Adriani, O. and others",
      title          = "{The LHCf detector at the CERN Large Hadron Collider}",
      collaboration  = "LHCf",
      journal        = "JINST",
      volume         = "3",
      year           = "2008",
      pages          = "S08006",
      doi            = "10.1088/1748-0221/3/08/S08006",
      SLACcitation   = "%%CITATION = JINST,3,S08006;%%"
}

@article{Aamodt:2008zz,
      author         = "Aamodt, K. and others",
      title          = "{The ALICE experiment at the CERN LHC}",
      collaboration  = "ALICE",
      journal        = "JINST",
      volume         = "3",
      year           = "2008",
      pages          = "S08002",
      doi            = "10.1088/1748-0221/3/08/S08002",
      SLACcitation   = "%%CITATION = JINST,3,S08002;%%"
}

@article{Pinfold:2009oia,
      author         = "Pinfold, James and others",
      title          = "{Technical Design Report of the MoEDAL Experiment}",
      collaboration  = "MoEDAL",
      year           = "2009",
      reportNumber   = "CERN-LHCC-2009-006, MoEDAL-TDR-001",
      SLACcitation   = "%%CITATION = CERN-LHCC-2009-006;%%"
}

@article{Chatrchyan:2008aa,
      author         = "Chatrchyan, S. and others",
      title          = "{The CMS Experiment at the CERN LHC}",
      collaboration  = "CMS",
      journal        = "JINST",
      volume         = "3",
      year           = "2008",
      pages          = "S08004",
      doi            = "10.1088/1748-0221/3/08/S08004",
      SLACcitation   = "%%CITATION = JINST,3,S08004;%%"
}

@article{Aad:2008zzm,
      author         = "Aad, G. and others",
      title          = "{The ATLAS Experiment at the CERN Large Hadron Collider}",
      collaboration  = "ATLAS",
      journal        = "JINST",
      volume         = "3",
      year           = "2008",
      pages          = "S08003",
      doi            = "10.1088/1748-0221/3/08/S08003",
      SLACcitation   = "%%CITATION = JINST,3,S08003;%%"
}

@article{Palestini:2003dm,
      author         = "Palestini, S.",
      title          = "{The muon spectrometer of the ATLAS experiment}",
      booktitle      = "{Innovative particle and radiation detectors.
                        Proceedings, 8th Topical Seminar, Siena, Italy, October
                        21-24, 2002}",
      journal        = "Nucl. Phys. Proc. Suppl.",
      volume         = "125",
      year           = "2003",
      pages          = "337-345",
      doi            = "10.1016/S0920-5632(03)91013-9",
      note           = "[,337(2003)]",
      SLACcitation   = "%%CITATION = NUPHZ,125,337;%%"
}

@inproceedings{Diehl:2009bw,
      author         = "Diehl, E.",
      title          = "{ATLAS Muon Detector Commissioning}",
      booktitle      = "{Particles and fields. Proceedings, Meeting of the
                        Division of the American Physical Society, DPF 2009,
                        Detroit, USA, July 26-31, 2009}",
      collaboration  = "ATLAS Muon",
      url            = "http://inspirehep.net/record/834063/files/arXiv:0910.2767.pdf",
      year           = "2009",
      eprint         = "0910.2767",
      archivePrefix  = "arXiv",
      primaryClass   = "physics.ins-det",
      SLACcitation   = "%%CITATION = ARXIV:0910.2767;%%"
}

@article{Marcastel:1621583,
      author        = "Marcastel, Fabienne",
      title         = "{CERN's Accelerator Complex. La chaîne des
                       accélérateurs du CERN}",
      month         = "Oct",
      year          = "2013",
      reportNumber  = "OPEN-PHO-CHART-2013-001",
      url           = "https://cds.cern.ch/record/1621583",
      note          = "General Photo",
}

@misc{CERN-COURIER-Sep192008,
      title = {CERN COURIER},
      howpublished = {\url{http://cerncourier.com/cws/article/cern/35864}}
}
