@article{Aad:2012tfa,
      author         = "Aad, Georges and others",
      title          = "{Observation of a new particle in the search for the
                        Standard Model Higgs boson with the ATLAS detector at the
                        LHC}",
      collaboration  = "ATLAS",
      journal        = "Phys. Lett.",
      volume         = "B716",
      year           = "2012",
      pages          = "1-29",
      doi            = "10.1016/j.physletb.2012.08.020",
      eprint         = "1207.7214",
      archivePrefix  = "arXiv",
      primaryClass   = "hep-ex",
      reportNumber   = "CERN-PH-EP-2012-218",
      SLACcitation   = "%%CITATION = ARXIV:1207.7214;%%"
}

@article{Chatrchyan:2012xdj,
      author         = "Chatrchyan, Serguei and others",
      title          = "{Observation of a new boson at a mass of 125 GeV with the
                        CMS experiment at the LHC}",
      collaboration  = "CMS",
      journal        = "Phys. Lett.",
      volume         = "B716",
      year           = "2012",
      pages          = "30-61",
      doi            = "10.1016/j.physletb.2012.08.021",
      eprint         = "1207.7235",
      archivePrefix  = "arXiv",
      primaryClass   = "hep-ex",
      reportNumber   = "CMS-HIG-12-028, CERN-PH-EP-2012-220",
      SLACcitation   = "%%CITATION = ARXIV:1207.7235;%%"
}

@article{Weinberg:1975gm,
      author         = "Weinberg, Steven",
      title          = "{Implications of Dynamical Symmetry Breaking}",
      journal        = "Phys. Rev.",
      volume         = "D13",
      year           = "1976",
      pages          = "974-996",
      doi            = "10.1103/PhysRevD.19.1277, 10.1103/PhysRevD.13.974",
      note           = "[Addendum: Phys. Rev.D19,1277(1979)]",
      reportNumber   = "PRINT-75-0804 (HARVARD)",
      SLACcitation   = "%%CITATION = PHRVA,D13,974;%%"
}

@article{Gildener:1976ai,
      author         = "Gildener, Eldad",
      title          = "{Gauge Symmetry Hierarchies}",
      journal        = "Phys. Rev.",
      volume         = "D14",
      year           = "1976",
      pages          = "1667",
      doi            = "10.1103/PhysRevD.14.1667",
      reportNumber   = "Print-76-0529 (HARVARD)",
      SLACcitation   = "%%CITATION = PHRVA,D14,1667;%%"
}

@article{Susskind:1978ms,
      author         = "Susskind, Leonard",
      title          = "{Dynamics of Spontaneous Symmetry Breaking in the
                        Weinberg-Salam Theory}",
      journal        = "Phys. Rev.",
      volume         = "D20",
      year           = "1979",
      pages          = "2619-2625",
      doi            = "10.1103/PhysRevD.20.2619",
      reportNumber   = "SLAC-PUB-2142",
      SLACcitation   = "%%CITATION = PHRVA,D20,2619;%%"
}

@article{Wess:1973kz,
      author         = "Wess, J. and Zumino, B.",
      title          = "{A Lagrangian Model Invariant Under Supergauge
                        Transformations}",
      journal        = "Phys. Lett.",
      volume         = "49B",
      year           = "1974",
      pages          = "52",
      doi            = "10.1016/0370-2693(74)90578-4",
      reportNumber   = "CERN-TH-1794",
      SLACcitation   = "%%CITATION = PHLTA,49B,52;%%"
}

@article{Wess:201649,
      author        = "Wess, J and Zumino, B",
      title         = "{Supergauge transformations in four dimensions}",
      journal       = "Nucl. Phys. B",
      number        = "CERN-TH-1753. 1",
      volume        = "70",
      pages         = "39-50",
      year          = "1974",
      url           = "https://doi.org/10.1016/0550-3213(74)90355-1",
}

@article{Golfand:1971iw,
      author         = "Golfand, {\relax Yu}. A. and Likhtman, E. P.",
      title          = "{Extension of the Algebra of Poincare Group Generators
                        and Violation of p Invariance}",
      journal        = "JETP Lett.",
      volume         = "13",
      year           = "1971",
      pages          = "323-326",
      note           = "[Pisma Zh. Eksp. Teor. Fiz.13,452(1971)]",
      SLACcitation   = "%%CITATION = JTPLA,13,323;%%"
}

@article{Martin:1997ns,
      author         = "Martin, Stephen P.",
      title          = "{A Supersymmetry primer}",
      year           = "1997",
      doi            = "10.1142/9789812839657_0001, 10.1142/9789814307505_0001",
      note           = "[Adv. Ser. Direct. High Energy Phys.18,1(1998)]",
      eprint         = "hep-ph/9709356",
      archivePrefix  = "arXiv",
      primaryClass   = "hep-ph",
      reportNumber   = "FERMILAB-PUB-97-425-T",
      SLACcitation   = "%%CITATION = HEP-PH/9709356;%%"
}

@article{Fayet:1976et,
      author         = "Fayet, Pierre",
      title          = "{Supersymmetry and Weak, Electromagnetic and Strong
                        Interactions}",
      journal        = "Phys. Lett.",
      volume         = "64B",
      year           = "1976",
      pages          = "159",
      doi            = "10.1016/0370-2693(76)90319-1",
      reportNumber   = "PTENS 76/14",
      SLACcitation   = "%%CITATION = PHLTA,64B,159;%%"
}

@article{Fayet:1977yc,
      author         = "Fayet, Pierre",
      title          = "{Spontaneously Broken Supersymmetric Theories of Weak,
                        Electromagnetic and Strong Interactions}",
      journal        = "Phys. Lett.",
      volume         = "69B",
      year           = "1977",
      pages          = "489",
      doi            = "10.1016/0370-2693(77)90852-8",
      reportNumber   = "LPTENS 77/11",
      SLACcitation   = "%%CITATION = PHLTA,69B,489;%%"
}

@article{Farrar:1978xj,
      author         = "Farrar, Glennys R. and Fayet, Pierre",
      title          = "{Phenomenology of the Production, Decay, and Detection of
                        New Hadronic States Associated with Supersymmetry}",
      journal        = "Phys. Lett.",
      volume         = "76B",
      year           = "1978",
      pages          = "575-579",
      doi            = "10.1016/0370-2693(78)90858-4",
      reportNumber   = "CALT-68-648",
      SLACcitation   = "%%CITATION = PHLTA,76B,575;%%"
}

@article{Barbieri:1987fn,
      author         = "Barbieri, Riccardo and Giudice, G. F.",
      title          = "{Upper Bounds on Supersymmetric Particle Masses}",
      journal        = "Nucl. Phys.",
      volume         = "B306",
      year           = "1988",
      pages          = "63-76",
      doi            = "10.1016/0550-3213(88)90171-X",
      reportNumber   = "CERN-TH-4825/87",
      SLACcitation   = "%%CITATION = NUPHA,B306,63;%%"
}

@article{deCarlos:1993rbr,
      author         = "de Carlos, B. and Casas, J. A.",
      title          = "{One loop analysis of the electroweak breaking in
                        supersymmetric models and the fine tuning problem}",
      journal        = "Phys. Lett.",
      volume         = "B309",
      year           = "1993",
      pages          = "320-328",
      doi            = "10.1016/0370-2693(93)90940-J",
      eprint         = "hep-ph/9303291",
      archivePrefix  = "arXiv",
      primaryClass   = "hep-ph",
      reportNumber   = "CERN-TH-6835-93, IEM-FT-70-93",
      SLACcitation   = "%%CITATION = HEP-PH/9303291;%%"
}

@article{Aaboud:2016wna,
      author         = "Aaboud, Morad and others",
      title          = "{Dark matter interpretations of ATLAS searches for the
                        electroweak production of supersymmetric particles in $
                        \sqrt{s}=8 $ TeV proton-proton collisions}",
      collaboration  = "ATLAS",
      journal        = "JHEP",
      volume         = "09",
      year           = "2016",
      pages          = "175",
      doi            = "10.1007/JHEP09(2016)175",
      eprint         = "1608.00872",
      archivePrefix  = "arXiv",
      primaryClass   = "hep-ex",
      reportNumber   = "CERN-EP-2016-165",
      SLACcitation   = "%%CITATION = ARXIV:1608.00872;%%"
}
