@article{ATLAS:2016iqc,
      author         = "The ATLAS collaboration",
      title          = "{Electron efficiency measurements with the ATLAS detector
                        using the 2015 LHC proton-proton collision data}",
      collaboration  = "ATLAS",
      year           = "2016",
      reportNumber   = "ATLAS-CONF-2016-024",
      SLACcitation   = "%%CITATION = ATLAS-CONF-2016-024;%%"
}


@webpage{SUSYToolsV8,
    Url = https://twiki.cern.ch/twiki/bin/view/AtlasProtected/SUSYToolsV8,
}

@webpage{AnalysisBase,
    Url = https://twiki.cern.ch/twiki/bin/viewauth/AtlasProtected/PhysicsAnalysisWorkBookRel21ComputingSetup#The_Analysis_Release,
}
