%% This BibTeX bibliography file was created using BibDesk.
%% http://bibdesk.sourceforge.net/


%% Created for ytshen at 2017-12-18 2:56:48 PM +0100 


%% Saved with string encoding Unicode (UTF-8) 



@article{Shadmi:2017qdk,
	Author = {Shadmi, Y.},
	Date-Added = {2017-12-18 1:50:28 PM +0000},
	Date-Modified = {2017-12-18 1:51:41 PM +0000},
	Journal = {arXiv},
	Month = {Aug},
	Title = {Introduction to Supersymmetry},
	Url = {https://arxiv.org/abs/1708.00772},
	Volume = {1708.00772v1},
	Year = {2017}}

@article{Argyres:2001eva,
	Author = {Argyres, Philip C.},
	Date-Added = {2017-12-18 1:48:08 PM +0000},
	Date-Modified = {2017-12-18 1:49:28 PM +0000},
	Title = {An Introduction to Global Supersymmetry},
	Url = {http://homepages.uc.edu/~argyrepc/cu661-gr-SUSY/susy2001.pdf},
	Year = {2001}}

@article{Bilal:2001nv,
	Author = {Bilal, Adel},
	Date-Added = {2017-12-18 1:46:46 PM +0000},
	Date-Modified = {2017-12-18 1:47:49 PM +0000},
	Journal = {arXiv},
	Month = {Jan},
	Title = {Introduction to supersymmetry},
	Url = {https://arxiv.org/abs/hep-th/0101055},
	Volume = {hep-th/0101055v1},
	Year = {2001}}

@article{Drees:1996ca,
	Author = {Drees, Manuel},
	Date-Added = {2017-12-18 1:45:25 PM +0000},
	Date-Modified = {2017-12-18 1:46:40 PM +0000},
	Journal = {arXiv},
	Month = {Nov},
	Title = {An Introduction to supersymmetry},
	Url = {https://arxiv.org/abs/hep-ph/9611409},
	Volume = {hep-ph/9611409v1},
	Year = {1996}}

@article{Lykken:1996xt,
	Author = {Lykken, Joseph D.},
	Date-Added = {2017-12-18 1:44:18 PM +0000},
	Date-Modified = {2017-12-18 1:52:13 PM +0000},
	Journal = {arXiv},
	Month = {Dec},
	Title = {Introduction to supersymmetry},
	Url = {https://arxiv.org/abs/hep-th/9612114},
	Volume = {hep-th/9612114v1},
	Year = {1996}}

@book{CBO9780511619250,
	Author = {Ian Aitchison},
	Date-Added = {2017-12-18 1:24:50 PM +0000},
	Date-Modified = {2017-12-18 1:27:37 PM +0000},
	Month = {Sept},
	Publisher = {Cambridge University Press},
	Title = {Supersymmetry in Particle Physics},
	Url = {https://doi.org/10.1017/CBO9780511619250},
	Year = {2012}}

@article{Peskin:2008nw,
	Author = {Peskin, Michael E.},
	Date-Added = {2017-12-18 1:20:35 PM +0000},
	Date-Modified = {2017-12-18 1:52:30 PM +0000},
	Journal = {arXiv},
	Title = {Supersymmetry in Elementary Particle Physics},
	Url = {https://arxiv.org/abs/0801.1928},
	Volume = {0801.1928v1},
	Year = {2008}}

@article{Wess:1974tw,
	Author = {Wess, J. and Zumino, B.},
	Date-Added = {2017-12-18 1:17:26 PM +0000},
	Date-Modified = {2017-12-18 1:19:29 PM +0000},
	Journal = {Nucl. Phys. B},
	Month = {Feb},
	Number = {1},
	Pages = {39-50},
	Title = {Supergauge transformations in four dimensions},
	Url = {https://doi.org/10.1016/0550-3213(74)90355-1},
	Volume = {70},
	Year = {1974}}

@article{Baer:2013xua,
      author         = "Baer, Howard and Barger, Vernon and Huang, Peisi and
                        Mickelson, Dan and Mustafayev, Azar and Sreethawong,
                        Warintorn and Tata, Xerxes",
      title          = "{Radiatively-driven natural supersymmetry at the LHC}",
      journal        = "JHEP",
      volume         = "12",
      year           = "2013",
      pages          = "013",
      doi            = "10.1007/JHEP12(2013)013, 10.1007/JHEP06(2015)053",
      note           = "[Erratum: JHEP06,053(2015)]",
      eprint         = "1310.4858",
      archivePrefix  = "arXiv",
      primaryClass   = "hep-ph",
      reportNumber   = "UH-511-1218-13",
      SLACcitation   = "%%CITATION = ARXIV:1310.4858;%%"
}

@article{Baer:2012up,
      author         = "Baer, Howard and Barger, Vernon and Huang, Peisi and
                        Mustafayev, Azar and Tata, Xerxes",
      title          = "{Radiative natural SUSY with a 125 GeV Higgs boson}",
      journal        = "Phys. Rev. Lett.",
      volume         = "109",
      year           = "2012",
      pages          = "161802",
      doi            = "10.1103/PhysRevLett.109.161802",
      eprint         = "1207.3343",
      archivePrefix  = "arXiv",
      primaryClass   = "hep-ph",
      SLACcitation   = "%%CITATION = ARXIV:1207.3343;%%"
}

@article{Baer:2012se,
      author         = "Baer, Howard",
      title          = "{Radiative natural supersymmetry with mixed
                        axion/higgsino cold dark matter}",
      booktitle      = "{Proceedings, Workshop on Dark Matter, Unification and
                        Neutrino Physics (CETUP* 2012): Lead/Deadwood, South
                        Dakota, USA, July 10-August 1, 2012}",
      year           = "2012",
      doi            = "10.1063/1.4807341",
      note           = "[AIP Conf. Proc.1534,39(2012)]",
      eprint         = "1210.7852",
      archivePrefix  = "arXiv",
      primaryClass   = "hep-ph",
      SLACcitation   = "%%CITATION = ARXIV:1210.7852;%%"
}

@article{Baer:2012cf,
      author         = "Baer, Howard and Barger, Vernon and Huang, Peisi and
                        Mickelson, Dan and Mustafayev, Azar and Tata, Xerxes",
      title          = "{Radiative natural supersymmetry: Reconciling electroweak
                        fine-tuning and the Higgs boson mass}",
      journal        = "Phys. Rev.",
      volume         = "D87",
      year           = "2013",
      number         = "11",
      pages          = "115028",
      doi            = "10.1103/PhysRevD.87.115028",
      eprint         = "1212.2655",
      archivePrefix  = "arXiv",
      primaryClass   = "hep-ph",
      SLACcitation   = "%%CITATION = ARXIV:1212.2655;%%"
}
