@article{Baak:2014wma,
      author         = "Baak, M. and Besjes, G. J. and CÃ´te, D. and Koutsman, A.
                        and Lorenz, J. and Short, D.",
      title          = "{HistFitter software framework for statistical data
                        analysis}",
      journal        = "Eur. Phys. J.",
      volume         = "C75",
      year           = "2015",
      pages          = "153",
      doi            = "10.1140/epjc/s10052-015-3327-7",
      eprint         = "1410.1280",
      archivePrefix  = "arXiv",
      primaryClass   = "hep-ex",
      SLACcitation   = "%%CITATION = ARXIV:1410.1280;%%"
}

@article{Aaboud:2017leg,
      author         = "Aaboud, Morad and others",
      title          = "{Search for electroweak production of supersymmetric
                        states in scenarios with compressed mass spectra at
                        $\sqrt{s}=13$ TeV with the ATLAS detector}",
      collaboration  = "ATLAS",
      journal        = "Submitted to: Phys. Rev. D",
      year           = "2017",
      eprint         = "1712.08119",
      archivePrefix  = "arXiv",
      primaryClass   = "hep-ex",
      reportNumber   = "CERN-EP-2017-297",
      SLACcitation   = "%%CITATION = ARXIV:1712.08119;%%"
}

@article{ATLAS:2014aga,
      author         = "Aad, Georges and others",
      title          = "{Observation and measurement of Higgs boson decays to
                        WW$^*$ with the ATLAS detector}",
      collaboration  = "ATLAS",
      journal        = "Phys. Rev.",
      volume         = "D92",
      year           = "2015",
      number         = "1",
      pages          = "012006",
      doi            = "10.1103/PhysRevD.92.012006",
      eprint         = "1412.2641",
      archivePrefix  = "arXiv",
      primaryClass   = "hep-ex",
      reportNumber   = "CERN-PH-EP-2014-270",
      SLACcitation   = "%%CITATION = ARXIV:1412.2641;%%"
}
