@article{Aaboud:2016hhf,
      author         = "Aaboud, Morad and others",
      title          = "{Luminosity determination in pp collisions at $\sqrt{s}$
                        = 8 TeV using the ATLAS detector at the LHC}",
      collaboration  = "ATLAS",
      journal        = "Eur. Phys. J.",
      volume         = "C76",
      year           = "2016",
      number         = "12",
      pages          = "653",
      doi            = "10.1140/epjc/s10052-016-4466-1",
      eprint         = "1608.03953",
      archivePrefix  = "arXiv",
      primaryClass   = "hep-ex",
      reportNumber   = "CERN-EP-2016-117",
      SLACcitation   = "%%CITATION = ARXIV:1608.03953;%%"
}

@article{Agostinelli:2002hh,
      author         = "Agostinelli, S. and others",
      title          = "{GEANT4: A Simulation toolkit}",
      collaboration  = "GEANT4",
      journal        = "Nucl. Instrum. Meth.",
      volume         = "A506",
      year           = "2003",
      pages          = "250-303",
      doi            = "10.1016/S0168-9002(03)01368-8",
      reportNumber   = "SLAC-PUB-9350, FERMILAB-PUB-03-339",
      SLACcitation   = "%%CITATION = NUIMA,A506,250;%%"
}

@article{ATLAS:2010bfa,
      author         = "ATLAS Collaboration",
      title          = "{The simulation principle and performance of the ATLAS
                        fast calorimeter simulation FastCaloSim}",
      collaboration  = "ATLAS",
      year           = "2010",
      reportNumber   = "ATL-PHYS-PUB-2010-013, ATL-COM-PHYS-2010-838",
      SLACcitation   = "%%CITATION = ATL-PHYS-PUB-2010-013;%%"
}

@article{Sjostrand:2007gs,
      author         = "Sjostrand, Torbjorn and Mrenna, Stephen and Skands, Peter
                        Z.",
      title          = "{A Brief Introduction to PYTHIA 8.1}",
      journal        = "Comput. Phys. Commun.",
      volume         = "178",
      year           = "2008",
      pages          = "852-867",
      doi            = "10.1016/j.cpc.2008.01.036",
      eprint         = "0710.3820",
      archivePrefix  = "arXiv",
      primaryClass   = "hep-ph",
      reportNumber   = "CERN-LCGAPP-2007-04, LU-TP-07-28,
                        FERMILAB-PUB-07-512-CD-T",
      SLACcitation   = "%%CITATION = ARXIV:0710.3820;%%"
}

@article{ATLAS:2012uec,
      title          = "{Summary of ATLAS Pythia 8 tunes}",
      collaboration  = "ATLAS",
      year           = "2012",
      reportNumber   = "ATL-PHYS-PUB-2012-003, ATL-COM-PHYS-2012-738",
      SLACcitation   = "%%CITATION = ATL-PHYS-PUB-2012-003;%%"
}

@article{Martin:2009iq,
      author         = "Martin, A. D. and Stirling, W. J. and Thorne, R. S. and
                        Watt, G.",
      title          = "{Parton distributions for the LHC}",
      journal        = "Eur. Phys. J.",
      volume         = "C63",
      year           = "2009",
      pages          = "189-285",
      doi            = "10.1140/epjc/s10052-009-1072-5",
      eprint         = "0901.0002",
      archivePrefix  = "arXiv",
      primaryClass   = "hep-ph",
      reportNumber   = "IPPP-08-95, DCPT-08-190, CAVENDISH-HEP-08-16",
      SLACcitation   = "%%CITATION = ARXIV:0901.0002;%%"
}

@article{Gleisberg:2008ta,
      author         = "Gleisberg, T. and Hoeche, Stefan. and Krauss, F. and
                        Schonherr, M. and Schumann, S. and Siegert, F. and Winter,
                        J.",
      title          = "{Event generation with SHERPA 1.1}",
      journal        = "JHEP",
      volume         = "02",
      year           = "2009",
      pages          = "007",
      doi            = "10.1088/1126-6708/2009/02/007",
      eprint         = "0811.4622",
      archivePrefix  = "arXiv",
      primaryClass   = "hep-ph",
      reportNumber   = "FERMILAB-PUB-08-477-T, SLAC-PUB-13420, ZU-TH-17-08,
                        DCPT-08-138, IPPP-08-69, EDINBURGH-2008-30, MCNET-08-14",
      SLACcitation   = "%%CITATION = ARXIV:0811.4622;%%"
}

@article{Lange:2001uf,
      author         = "Lange, D. J.",
      title          = "{The EvtGen particle decay simulation package}",
      booktitle      = "{Proceedings, 7th International Conference on B physics
                        at hadron machines (BEAUTY 2000): Maagan, Israel,
                        September 13-18, 2000}",
      journal        = "Nucl. Instrum. Meth.",
      volume         = "A462",
      year           = "2001",
      pages          = "152-155",
      doi            = "10.1016/S0168-9002(01)00089-4",
      SLACcitation   = "%%CITATION = NUIMA,A462,152;%%"
}

@article{Baer:1999sp,
      author         = "Baer, Howard and Paige, Frank E. and Protopopescu, Serban
                        D. and Tata, Xerxes",
      title          = "{ISAJET 7.48: A Monte Carlo event generator for p p,
                        anti-p, p, and e+ e- reactions}",
      year           = "1999",
      eprint         = "hep-ph/0001086",
      archivePrefix  = "arXiv",
      primaryClass   = "hep-ph",
      reportNumber   = "BNL-HET-99-43, FSU-HEP-991218, UH-511-952-00",
      SLACcitation   = "%%CITATION = HEP-PH/0001086;%%"
}

@article{Beenakker:1999xh,
      author         = "Beenakker, W. and Klasen, M. and Kramer, M. and Plehn, T.
                        and Spira, M. and Zerwas, P. M.",
      title          = "{The Production of charginos / neutralinos and sleptons
                        at hadron colliders}",
      journal        = "Phys. Rev. Lett.",
      volume         = "83",
      year           = "1999",
      pages          = "3780-3783",
      doi            = "10.1103/PhysRevLett.100.029901,
                        10.1103/PhysRevLett.83.3780",
      note           = "[Erratum: Phys. Rev. Lett.100,029901(2008)]",
      eprint         = "hep-ph/9906298",
      archivePrefix  = "arXiv",
      primaryClass   = "hep-ph",
      reportNumber   = "CERN-TH-99-159, DESY-99-055, DTP-99-44, MADPH-99-1114,
                        ANL-HEP-PR-99-71",
      SLACcitation   = "%%CITATION = HEP-PH/9906298;%%"
}

@article{Artoisenet:2012st,
      author         = "Artoisenet, Pierre and Frederix, Rikkert and Mattelaer,
                        Olivier and Rietkerk, Robbert",
      title          = "{Automatic spin-entangled decays of heavy resonances in
                        Monte Carlo simulations}",
      journal        = "JHEP",
      volume         = "03",
      year           = "2013",
      pages          = "015",
      doi            = "10.1007/JHEP03(2013)015",
      eprint         = "1212.3460",
      archivePrefix  = "arXiv",
      primaryClass   = "hep-ph",
      reportNumber   = "NIKHEF-2012-021, CERN-PH-TH-2012-329",
      SLACcitation   = "%%CITATION = ARXIV:1212.3460;%%"
}

@article{Djouadi:2006bz,
      author         = "Djouadi, A. and Muhlleitner, M. M. and Spira, M.",
      title          = "{Decays of supersymmetric particles: The Program SUSY-HIT
                        (SUspect-SdecaY-Hdecay-InTerface)}",
      booktitle      = "{Physics at LHC. Proceedings, 3rd Conference, Cracow,
                        Poland, July 3-8, 2006}",
      journal        = "Acta Phys. Polon.",
      volume         = "B38",
      year           = "2007",
      pages          = "635-644",
      eprint         = "hep-ph/0609292",
      archivePrefix  = "arXiv",
      primaryClass   = "hep-ph",
      reportNumber   = "CERN-PH-TH-2006-200",
      SLACcitation   = "%%CITATION = HEP-PH/0609292;%%"
}
