%% This BibTeX bibliography file was created using BibDesk.
%% http://bibdesk.sourceforge.net/


%% Created for ytshen at 2017-11-30 10:40:52 PM +0100 


%% Saved with string encoding Unicode (UTF-8) 



@article{PDG,
	Author = {K.A. Olive et al (Particle Data Group)},
	Date-Added = {2017-11-30 9:31:59 PM +0000},
	Date-Modified = {2017-11-30 9:37:12 PM +0000},
	Journal = {Chinese Physics C},
	Number = {9},
	Pages = {090001},
	Title = {Review of Particle Physics},
	Volume = {38},
	Year = {2014}}

@article{00411457108231446,
	Author = {Emmy Noether},
	Date-Added = {2017-11-30 1:36:33 PM +0000},
	Date-Modified = {2017-11-30 1:39:23 PM +0000},
	Journal = {Transport Theory and Statistical Physics},
	Number = {3},
	Pages = {186-207},
	Title = {Invariant variation problems},
	Url = {https://doi.org/10.1080/00411457108231446},
	Volume = {1},
	Year = {1971}}

@article{BF02726525,
	Author = {Abdus Salam, J.C. Ward},
	Date-Added = {2017-11-29 3:26:47 PM +0000},
	Date-Modified = {2017-11-29 3:29:50 PM +0000},
	Journal = {Nuovo Cimento},
	Month = {February},
	Number = {4},
	Pages = {568-577},
	Title = {Weak and electromagnetic interactions},
	Url = {https://doi.org/10.1007/BF02726525},
	Volume = {11},
	Year = {1959},
	Bdsk-Url-1 = {https://doi.org/10.1007/BF02726525}}

@article{PhysRevLett.19.1264,
	Author = {Steven Weinberg},
	Date-Added = {2017-11-29 3:22:26 PM +0000},
	Date-Modified = {2017-11-29 3:25:37 PM +0000},
	Journal = {Phys. Rev. Lett},
	Number = {21},
	Pages = {1264-1266},
	Title = {A Model of Leptons},
	Url = {https://doi.org/10.1103/PhysRevLett.19.1264},
	Volume = {19},
	Year = {1967},
	Bdsk-Url-1 = {https://doi.org/10.1103/PhysRevLett.19.1264}}

@article{Glashow,
	Author = {Sheldon L. Glashow},
	Date-Added = {2017-11-29 3:11:57 PM +0000},
	Date-Modified = {2017-11-29 3:22:04 PM +0000},
	Journal = {Nuclear Physics},
	Month = {February},
	Number = {4},
	Pages = {579-588},
	Title = {Partial-symmetries of weak interactions},
	Url = {https://doi.org/10.1016/0029-5582(61)90469-2},
	Volume = {22},
	Year = {1961},
	Bdsk-Url-1 = {https://doi.org/10.1016/0029-5582(61)90469-2}}

@article{Herrero:1998eq,
	Archiveprefix = {arXiv},
	Author = {Herrero, M.},
	Booktitle = {{Techniques and Concepts of High-Energy Physics: Proceedings, 10th NATO Advanced Study Institute, St. Croix, USA, June 18-29, 1998}},
	Doi = {10.1007/978-94-011-4689-0_1},
	Eprint = {hep-ph/9812242},
	Journal = {NATO Sci. Ser. C},
	Pages = {1-59},
	Primaryclass = {hep-ph},
	Reportnumber = {FTUAM-98-25},
	Slaccitation = {%%CITATION = HEP-PH/9812242;%%},
	Title = {{The Standard model}},
	Volume = {534},
	Year = {1999},
	Bdsk-Url-1 = {https://dx.doi.org/10.1007/978-94-011-4689-0_1}}

@book{CBO9780511791406,
	Author = {W. N. Cottingham, D. A. Greenwood},
	Date-Added = {2017-11-29 3:06:26 PM +0000},
	Date-Modified = {2017-11-29 3:33:16 PM +0000},
	Edition = {2},
	Publisher = {Cambridge University Press},
	Title = {An Introduction to the Standard Model of Particle Physics},
	Url = {https://doi.org/10.1017/CBO9780511791406},
	Year = {2007},
	Bdsk-Url-1 = {https://doi.org/10.1017/CBO9780511791406}}
